{"btc_usd":[{"type":"bid","price":23345.49997,"amount":0.0009595,"tid":205314693,"timestamp":1658407665},{"type":"bid","price":23000.44588391,"amount":0.01406717,"tid":205314692,"timestamp":1658406992},{"type":"bid","price":23000.44588391,"amount":0.00030979,"tid":205314691,"timestamp":1658406989},{"type":"bid","price":23000.44588391,"amount":0.00030979,"tid":205314690,"timestamp":1658406984},{"type":"bid","price":23000.44588391,"amount":0.00030979,"tid":205314689,"timestamp":1658406975},{"type":"bid","price":23000.44588391,"amount":0.00030979,"tid":205314688,"timestamp":1658406969},{"type":"bid","price":23000.44588391,"amount":0.00030979,"tid":205314687,"timestamp":1658406962},{"type":"bid","price":23000.44588391,"amount":0.00015376,"tid":205314686,"timestamp":1658406959},{"type":"bid","price":23000.44588391,"amount":0.00030979,"tid":205314685,"timestamp":1658406955},{"type":"bid","price":23000.44588391,"amount":0.00015376,"tid":205314684,"timestamp":1658406953},{"type":"bid","price":23000.44588391,"amount":0.00030979,"tid":205314683,"timestamp":1658406950},{"type":"bid","price":23000.44588391,"amount":0.00015376,"tid":205314682,"timestamp":1658406948},{"type":"bid","price":23000.44588391,"amount":0.00030979,"tid":205314681,"timestamp":1658406942},{"type":"bid","price":23000.44588391,"amount":0.00015376,"tid":205314680,"timestamp":1658406942},{"type":"bid","price":23000.44588391,"amount":0.00030979,"tid":205314679,"timestamp":1658406936},{"type":"bid","price":23000.44588391,"amount":0.00030979,"tid":205314678,"timestamp":1658406931},{"type":"bid","price":23000.44588391,"amount":0.00030979,"tid":205314677,"timestamp":1658406924},{"type":"bid","price":23000.44588391,"amount":0.00030979,"tid":205314676,"timestamp":1658406916},{"type":"bid","price":23000.44588391,"amount":0.00030979,"tid":205314675,"timestamp":1658406909},{"type":"bid","price":23000.44588391,"amount":0.00030979,"tid":205314674,"timestamp":1658406904},{"type":"bid","price":23000.44588391,"amount":0.00030979,"tid":205314673,"timestamp":1658406896},{"type":"bid","price":23000.44588391,"amount":0.00030979,"tid":205314672,"timestamp":1658406891},{"type":"bid","price":23000.44588391,"amount":0.00030979,"tid":205314671,"timestamp":1658406883},{"type":"bid","price":23000.44588391,"amount":0.00030979,"tid":205314670,"timestamp":1658406877},{"type":"bid","price":23000.44588391,"amount":0.00030979,"tid":205314669,"timestamp":1658406870},{"type":"bid","price":23000.44588391,"amount":0.00030979,"tid":205314668,"timestamp":1658406859},{"type":"bid","price":23000.44588391,"amount":0.00030979,"tid":205314667,"timestamp":1658406849},{"type":"bid","price":23000.44588391,"amount":0.00030979,"tid":205314666,"timestamp":1658406843},{"type":"bid","price":23000.44588391,"amount":0.02315158,"tid":205314665,"timestamp":1658406842},{"type":"bid","price":23000.44588391,"amount":0.00030979,"tid":205314664,"timestamp":1658406834},{"type":"bid","price":23000.44588391,"amount":0.00030979,"tid":205314663,"timestamp":1658406829},{"type":"bid","price":23000.44588391,"amount":0.00030979,"tid":205314662,"timestamp":1658406821},{"type":"bid","price":23000.44588391,"amount":0.00030979,"tid":205314661,"timestamp":1658406816},{"type":"bid","price":23000.44588391,"amount":0.00082632,"tid":205314660,"timestamp":1658406814},{"type":"bid","price":23000.44588391,"amount":0.00030979,"tid":205314659,"timestamp":1658406807},{"type":"bid","price":23000.44588391,"amount":0.00124784,"tid":205314658,"timestamp":1658406802},{"type":"bid","price":23000.44588391,"amount":0.00030979,"tid":205314657,"timestamp":1658406798},{"type":"bid","price":23000.44588391,"amount":0.00030979,"tid":205314656,"timestamp":1658406792},{"type":"bid","price":23000.44588391,"amount":0.00022399,"tid":205314655,"timestamp":1658406787},{"type":"bid","price":23000.44588391,"amount":0.00018168,"tid":205314654,"timestamp":1658406787},{"type":"bid","price":23000.44588391,"amount":0.00030979,"tid":205314653,"timestamp":1658406785},{"type":"bid","price":23000.44588391,"amount":0.00022444,"tid":205314652,"timestamp":1658406785},{"type":"bid","price":23000.44588391,"amount":0.00030979,"tid":205314651,"timestamp":1658406778},{"type":"bid","price":23000.44588391,"amount":0.00030979,"tid":205314650,"timestamp":1658406775},{"type":"bid","price":23000.44588391,"amount":0.0003983,"tid":205314649,"timestamp":1658406763},{"type":"bid","price":23000.44588391,"amount":0.0003983,"tid":205314648,"timestamp":1658406760},{"type":"bid","price":23000.44588391,"amount":0.0003983,"tid":205314647,"timestamp":1658406749},{"type":"bid","price":23000.44588391,"amount":0.0003983,"tid":205314646,"timestamp":1658406745},{"type":"bid","price":23000.44588391,"amount":0.0003983,"tid":205314645,"timestamp":1658406737},{"type":"bid","price":23000.44588391,"amount":0.0003983,"tid":205314644,"timestamp":1658406732},{"type":"bid","price":23000.44588391,"amount":0.0003983,"tid":205314643,"timestamp":1658406723},{"type":"bid","price":23000.44588391,"amount":0.0003983,"tid":205314642,"timestamp":1658406719},{"type":"bid","price":23000.44588391,"amount":0.0003983,"tid":205314641,"timestamp":1658406708},{"type":"bid","price":23000.44588391,"amount":0.0003983,"tid":205314640,"timestamp":1658406705},{"type":"bid","price":23000.44588391,"amount":0.06917061,"tid":205314639,"timestamp":1658406701},{"type":"bid","price":23000.44588391,"amount":0.0003983,"tid":205314638,"timestamp":1658406695},{"type":"bid","price":23000.44588391,"amount":0.0003983,"tid":205314637,"timestamp":1658406691},{"type":"bid","price":23000.44588391,"amount":0.0003983,"tid":205314636,"timestamp":1658406683},{"type":"bid","price":23000.44588391,"amount":0.0003983,"tid":205314635,"timestamp":1658406679},{"type":"bid","price":23000.44588391,"amount":0.0003983,"tid":205314634,"timestamp":1658406671},{"type":"bid","price":23000.44588391,"amount":0.0003983,"tid":205314633,"timestamp":1658406666},{"type":"bid","price":23000.44588391,"amount":0.0003983,"tid":205314632,"timestamp":1658406660},{"type":"bid","price":23000.44588391,"amount":0.0003983,"tid":205314631,"timestamp":1658406643},{"type":"bid","price":23000.44588391,"amount":0.0003983,"tid":205314630,"timestamp":1658406640},{"type":"bid","price":23000.44588391,"amount":0.00019177,"tid":205314629,"timestamp":1658406432},{"type":"bid","price":23000.44588391,"amount":0.00025036,"tid":205314628,"timestamp":1658406428},{"type":"bid","price":23000.44588391,"amount":0.00015376,"tid":205314627,"timestamp":1658406401},{"type":"bid","price":23000.44588391,"amount":0.00015376,"tid":205314626,"timestamp":1658406396},{"type":"bid","price":23000.44588391,"amount":0.00015376,"tid":205314625,"timestamp":1658406389},{"type":"bid","price":23000.44588391,"amount":0.00015376,"tid":205314624,"timestamp":1658406383},{"type":"bid","price":23000.44588391,"amount":0.0003541,"tid":205314623,"timestamp":1658406292},{"type":"bid","price":23000.44588391,"amount":0.00035405,"tid":205314622,"timestamp":1658406290},{"type":"bid","price":23000.44588391,"amount":0.00017702,"tid":205314621,"timestamp":1658406289},{"type":"bid","price":23000.44588391,"amount":0.00039171,"tid":205314620,"timestamp":1658406288},{"type":"bid","price":23000.44588391,"amount":0.00017713,"tid":205314619,"timestamp":1658406278},{"type":"bid","price":23000.44588391,"amount":0.00017386,"tid":205314618,"timestamp":1658406277},{"type":"bid","price":23000.44588391,"amount":0.00102217,"tid":205314617,"timestamp":1658406164},{"type":"bid","price":23000.44588391,"amount":0.002,"tid":205314616,"timestamp":1658406156},{"type":"bid","price":23000.44588391,"amount":0.00436721,"tid":205314615,"timestamp":1658406122},{"type":"bid","price":23000.44588391,"amount":0.00010889,"tid":205314614,"timestamp":1658405556},{"type":"bid","price":22800.44586389,"amount":0.00002873,"tid":205314613,"timestamp":1658405241},{"type":"bid","price":22800.44586389,"amount":0.00010414,"tid":205314612,"timestamp":1658405241},{"type":"bid","price":22800.44586389,"amount":0.0001047,"tid":205314611,"timestamp":1658405241},{"type":"bid","price":22800.44586389,"amount":0.00053224,"tid":205314610,"timestamp":1658405241},{"type":"bid","price":22800.44586389,"amount":0.00047377,"tid":205314609,"timestamp":1658405240},{"type":"bid","price":22800.44586389,"amount":0.00042307,"tid":205314608,"timestamp":1658405240},{"type":"ask","price":22800.44586389,"amount":0.00447447,"tid":205314607,"timestamp":1658405240},{"type":"bid","price":23000.44588391,"amount":0.0001248,"tid":205314606,"timestamp":1658405037},{"type":"bid","price":23000.44588391,"amount":0.00015462,"tid":205314605,"timestamp":1658404986},{"type":"bid","price":23000.44588391,"amount":0.00015462,"tid":205314604,"timestamp":1658404980},{"type":"bid","price":23000.44588391,"amount":0.00015462,"tid":205314603,"timestamp":1658404974},{"type":"ask","price":23000.44588391,"amount":0.00236161,"tid":205314602,"timestamp":1658404895},{"type":"bid","price":23000.44585387,"amount":0.00055782,"tid":205314601,"timestamp":1658404583},{"type":"bid","price":23000.44585389,"amount":0.00043084,"tid":205314600,"timestamp":1658404575},{"type":"bid","price":23000.44585389,"amount":0.00026529,"tid":205314599,"timestamp":1658404572},{"type":"bid","price":23000.44585388,"amount":0.00024607,"tid":205314598,"timestamp":1658404572},{"type":"bid","price":23000.44585388,"amount":0.00200916,"tid":205314597,"timestamp":1658404571},{"type":"bid","price":23000.44585388,"amount":0.00055782,"tid":205314596,"timestamp":1658404567},{"type":"bid","price":23000.44585388,"amount":0.00051136,"tid":205314595,"timestamp":1658404565},{"type":"bid","price":23000.44585388,"amount":0.00055782,"tid":205314594,"timestamp":1658404557},{"type":"bid","price":23000.44585388,"amount":0.00027457,"tid":205314593,"timestamp":1658404556},{"type":"bid","price":23000.44585388,"amount":0.00029743,"tid":205314592,"timestamp":1658404555},{"type":"bid","price":23000.44585388,"amount":0.00055894,"tid":205314591,"timestamp":1658404548},{"type":"bid","price":23000.44585388,"amount":0.0002714,"tid":205314590,"timestamp":1658404548},{"type":"bid","price":23000.44585389,"amount":0.00029859,"tid":205314589,"timestamp":1658404546},{"type":"bid","price":23000.44585388,"amount":0.00013531,"tid":205314588,"timestamp":1658404546},{"type":"bid","price":23000.44585389,"amount":0.0004339,"tid":205314587,"timestamp":1658404542},{"type":"ask","price":22900.00000001,"amount":0.00011135,"tid":205314586,"timestamp":1658404518},{"type":"ask","price":22900.44585389,"amount":0.00132791,"tid":205314585,"timestamp":1658404518},{"type":"ask","price":23100.45356439,"amount":0.01157636,"tid":205314584,"timestamp":1658404517},{"type":"ask","price":23000.00001,"amount":0.0001,"tid":205314583,"timestamp":1658404517},{"type":"ask","price":23000.44585389,"amount":0.00132387,"tid":205314582,"timestamp":1658404517},{"type":"ask","price":23050,"amount":0.00055493,"tid":205314581,"timestamp":1658404517},{"type":"ask","price":23051.7005008,"amount":0.00371925,"tid":205314580,"timestamp":1658404517},{"type":"ask","price":23051.7005008,"amount":0.00050969,"tid":205314579,"timestamp":1658404517},{"type":"ask","price":23100.00000001,"amount":0.00010822,"tid":205314578,"timestamp":1658404517},{"type":"ask","price":23100.44585389,"amount":0.00131901,"tid":205314577,"timestamp":1658404516},{"type":"ask","price":23100.45355439,"amount":0.00697413,"tid":205314576,"timestamp":1658404516},{"type":"bid","price":23499.89999,"amount":0.00039243,"tid":205314575,"timestamp":1658402934},{"type":"bid","price":23499.9,"amount":0.00039243,"tid":205314574,"timestamp":1658402931},{"type":"ask","price":23150.00054075,"amount":0.000152,"tid":205314573,"timestamp":1658402798},{"type":"bid","price":23826.59991,"amount":0.0002755,"tid":205314572,"timestamp":1658399151},{"type":"ask","price":23100.46514014,"amount":0.00029823,"tid":205314571,"timestamp":1658398698},{"type":"ask","price":23100.46469954,"amount":0.00016256,"tid":205314570,"timestamp":1658398649},{"type":"ask","price":23130.60817547,"amount":0.00020044,"tid":205314569,"timestamp":1658398649},{"type":"bid","price":23830.69995,"amount":0.0005863,"tid":205314568,"timestamp":1658397190},{"type":"ask","price":23130.60818547,"amount":0.00776034,"tid":205314567,"timestamp":1658396167},{"type":"ask","price":23130.7,"amount":0.0009353,"tid":205314566,"timestamp":1658396167},{"type":"ask","price":23251.5,"amount":0.00064512,"tid":205314565,"timestamp":1658395557},{"type":"ask","price":23251.5,"amount":0.000175,"tid":205314564,"timestamp":1658395460},{"type":"ask","price":23251.10027,"amount":0.01693124,"tid":205314563,"timestamp":1658394592},{"type":"ask","price":23400,"amount":0.00306876,"tid":205314562,"timestamp":1658394592},{"type":"ask","price":23400,"amount":0.0004639,"tid":205314561,"timestamp":1658394569},{"type":"ask","price":23400.00001,"amount":0.0140361,"tid":205314560,"timestamp":1658394569},{"type":"ask","price":23400.1,"amount":0.0015,"tid":205314559,"timestamp":1658394569},{"type":"ask","price":23400,"amount":0.0006699,"tid":205314558,"timestamp":1658393799},{"type":"ask","price":23400,"amount":0.00185818,"tid":205314557,"timestamp":1658393746},{"type":"ask","price":23402.00000001,"amount":0.00007133,"tid":205314556,"timestamp":1658393746},{"type":"ask","price":23402.00000001,"amount":0.00020372,"tid":205314555,"timestamp":1658393622},{"type":"bid","price":23829.99944925,"amount":0.01011939,"tid":205314554,"timestamp":1658392760},{"type":"bid","price":23829.9,"amount":0.0015,"tid":205314553,"timestamp":1658392760},{"type":"bid","price":23829.99944925,"amount":0.0004979,"tid":205314552,"timestamp":1658392669},{"type":"bid","price":23829.99945925,"amount":0.00220542,"tid":205314551,"timestamp":1658392669},{"type":"bid","price":23395.54837551,"amount":0.00248509,"tid":205314550,"timestamp":1658392606},{"type":"bid","price":23395.54711551,"amount":0.01922107,"tid":205314549,"timestamp":1658392606},{"type":"bid","price":23395.54710551,"amount":0.01937683,"tid":205314548,"timestamp":1658392606},{"type":"bid","price":23395.54722551,"amount":0.00045805,"tid":205314547,"timestamp":1658392549},{"type":"bid","price":23295.54796551,"amount":0.00032789,"tid":205314546,"timestamp":1658392549},{"type":"bid","price":23295.54796551,"amount":0.00040912,"tid":205314545,"timestamp":1658392495},{"type":"ask","price":23225.00000001,"amount":0.00020005,"tid":205314544,"timestamp":1658392491}]}